<record><leader>00000cas a2200000 a 4500</leader><controlfield tag="001">11946086</controlfield><controlfield tag="008">850422d19121917ksuwr ne      0    0eng d</controlfield><datafield ind1=" " ind2=" " tag="010"><subfield code="a">sn 85031259 </subfield></datafield><datafield ind1=" " ind2=" " tag="040"><subfield code="a">KSH</subfield><subfield code="b">eng</subfield><subfield code="c">KSH</subfield><subfield code="d">NPT</subfield><subfield code="d">OCL</subfield><subfield code="d">OCLCQ</subfield></datafield><datafield ind1=" " ind2=" " tag="042"><subfield code="a">msc</subfield></datafield><datafield ind1="0" ind2="0" tag="245"><subfield code="a">Morton County pioneer.</subfield></datafield><datafield ind1=" " ind2=" " tag="260"><subfield code="a">Richfield, Kan. :</subfield><subfield code="b">F.B. Van Gundy &amp; Sons,</subfield><subfield code="c">1912-1917.</subfield></datafield><datafield ind1=" " ind2=" " tag="300"><subfield code="a">5 v. :</subfield><subfield code="b">ill. ;</subfield><subfield code="c">40 cm.</subfield></datafield><datafield ind1=" " ind2=" " tag="310"><subfield code="a">Weekly</subfield></datafield><datafield ind1="0" ind2=" " tag="362"><subfield code="a">Vol. 7, no. 34 (Aug. 30, 1912)-v. 12, no. 1 (Jan. 5, 1917).</subfield></datafield><datafield ind1=" " ind2=" " tag="500"><subfield code="a">Published in Rolla, Kan., July 17, 1914-Jan. 5, 1917.</subfield></datafield><datafield ind1=" " ind2=" " tag="500"><subfield code="a">Published by Earl W. Handy, Feb. 18-July 28, 1916; Theodore A. Brown, Aug. 11-Dec. 1, 1916; F.B. Van Gundy &amp; Son, Jan. 5, 1917.</subfield></datafield><datafield ind1=" " ind2=" " tag="580"><subfield code="a">Continues: Pioneer (non-extant).</subfield></datafield><datafield ind1=" " ind2=" " tag="752"><subfield code="a">United States</subfield><subfield code="b">Kansas</subfield><subfield code="c">Morton</subfield><subfield code="d">Richfield.</subfield></datafield><datafield ind1=" " ind2=" " tag="752"><subfield code="a">United States</subfield><subfield code="b">Kansas</subfield><subfield code="c">Morton</subfield><subfield code="d">Rolla.</subfield></datafield><datafield ind1="1" ind2="0" tag="780"><subfield code="t">Pioneer</subfield></datafield><datafield ind1="0" ind2="0" tag="785"><subfield code="t">Morton County times</subfield><subfield code="w">(DLC)sn 85031260</subfield></datafield></record>